@article{DBLP:journals/corr/VaswaniSPUJGKP17,
  author       = {Ashish Vaswani and
                  Noam Shazeer and
                  Niki Parmar and
                  Jakob Uszkoreit and
                  Llion Jones and
                  Aidan N. Gomez and
                  Lukasz Kaiser and
                  Illia Polosukhin},
  title        = {Attention Is All You Need},
  journal      = {CoRR},
  volume       = {abs/1706.03762},
  year         = {2017},
  url          = {http://arxiv.org/abs/1706.03762},
  eprinttype    = {arXiv},
  eprint       = {1706.03762},
  timestamp    = {Sat, 23 Jan 2021 01:20:40 +0100},
  biburl       = {https://dblp.org/rec/journals/corr/VaswaniSPUJGKP17.bib},
  bibsource    = {dblp computer science bibliography, https://dblp.org}
}

@misc{wei2023chainofthought,
      title={Chain-of-Thought Prompting Elicits Reasoning in Large Language Models}, 
      author={Jason Wei and Xuezhi Wang and Dale Schuurmans and Maarten Bosma and Brian Ichter and Fei Xia and Ed Chi and Quoc Le and Denny Zhou},
      year={2023},
      eprint={2201.11903},
      archivePrefix={arXiv},
      primaryClass={cs.CL}
}

@misc{fernando2023promptbreeder,
      title={Promptbreeder: Self-Referential Self-Improvement Via Prompt Evolution}, 
      author={Chrisantha Fernando and Dylan Banarse and Henryk Michalewski and Simon Osindero and Tim Rocktäschel},
      year={2023},
      eprint={2309.16797},
      archivePrefix={arXiv},
      primaryClass={cs.CL}
}

@misc{chen2023unleashing,
      title={Unleashing the potential of prompt engineering in Large Language Models: a comprehensive review}, 
      author={Banghao Chen and Zhaofeng Zhang and Nicolas Langrené and Shengxin Zhu},
      year={2023},
      eprint={2310.14735},
      archivePrefix={arXiv},
      primaryClass={cs.CL}
}

@inproceedings{levesque2012winograd,
  title={The winograd schema challenge},
  author={Levesque, Hector and Davis, Ernest and Morgenstern, Leora},
  booktitle={Thirteenth international conference on the principles of knowledge representation and reasoning},
  year={2012}
}

@article{Kembhavi2017AreYS,
  title={Are You Smarter Than a Sixth Grader? Textbook Question Answering for Multimodal Machine Comprehension},
  author={Aniruddha Kembhavi and Minjoon Seo and Dustin Schwenk and Jonghyun Choi and Ali Farhadi and Hannaneh Hajishirzi},
  journal={2017 IEEE Conference on Computer Vision and Pattern Recognition (CVPR)},
  year={2017},
  pages={5376-5384},
  url={https://api.semanticscholar.org/CorpusID:1310550}
}

@misc{sap2019socialiqa,
      title={SocialIQA: Commonsense Reasoning about Social Interactions}, 
      author={Maarten Sap and Hannah Rashkin and Derek Chen and Ronan LeBras and Yejin Choi},
      year={2019},
      eprint={1904.09728},
      archivePrefix={arXiv},
      primaryClass={cs.CL}
}

@misc{luo2024incontext,
      title={In-context Learning with Retrieved Demonstrations for Language Models: A Survey}, 
      author={Man Luo and Xin Xu and Yue Liu and Panupong Pasupat and Mehran Kazemi},
      year={2024},
      eprint={2401.11624},
      archivePrefix={arXiv},
      primaryClass={cs.CL}
}

@misc{wang2023planandsolve,
      title={Plan-and-Solve Prompting: Improving Zero-Shot Chain-of-Thought Reasoning by Large Language Models}, 
      author={Lei Wang and Wanyu Xu and Yihuai Lan and Zhiqiang Hu and Yunshi Lan and Roy Ka-Wei Lee and Ee-Peng Lim},
      year={2023},
      eprint={2305.04091},
      archivePrefix={arXiv},
      primaryClass={cs.CL}
}

@misc{chowdhery2022palm,
      title={PaLM: Scaling Language Modeling with Pathways}, 
      author={Aakanksha Chowdhery and Sharan Narang and Jacob Devlin and Maarten Bosma and Gaurav Mishra and Adam Roberts and Paul Barham and Hyung Won Chung and Charles Sutton and Sebastian Gehrmann and Parker Schuh and Kensen Shi and Sasha Tsvyashchenko and Joshua Maynez and Abhishek Rao and Parker Barnes and Yi Tay and Noam Shazeer and Vinodkumar Prabhakaran and Emily Reif and Nan Du and Ben Hutchinson and Reiner Pope and James Bradbury and Jacob Austin and Michael Isard and Guy Gur-Ari and Pengcheng Yin and Toju Duke and Anselm Levskaya and Sanjay Ghemawat and Sunipa Dev and Henryk Michalewski and Xavier Garcia and Vedant Misra and Kevin Robinson and Liam Fedus and Denny Zhou and Daphne Ippolito and David Luan and Hyeontaek Lim and Barret Zoph and Alexander Spiridonov and Ryan Sepassi and David Dohan and Shivani Agrawal and Mark Omernick and Andrew M. Dai and Thanumalayan Sankaranarayana Pillai and Marie Pellat and Aitor Lewkowycz and Erica Moreira and Rewon Child and Oleksandr Polozov and Katherine Lee and Zongwei Zhou and Xuezhi Wang and Brennan Saeta and Mark Diaz and Orhan Firat and Michele Catasta and Jason Wei and Kathy Meier-Hellstern and Douglas Eck and Jeff Dean and Slav Petrov and Noah Fiedel},
      year={2022},
      eprint={2204.02311},
      archivePrefix={arXiv},
      primaryClass={cs.CL}
}

@misc{openai2024gpt4,
      title={GPT-4 Technical Report}, 
      author={OpenAI et al},
      year={2024},
      eprint={2303.08774},
      archivePrefix={arXiv},
      primaryClass={cs.CL}
}

@misc{geminiteam2023gemini,
      title={Gemini: A Family of Highly Capable Multimodal Models}, 
      author={Gemini Team et al},
      year={2023},
      eprint={2312.11805},
      archivePrefix={arXiv},
      primaryClass={cs.CL}
}

@misc{li2023large,
      title={Large Language Models Understand and Can be Enhanced by Emotional Stimuli}, 
      author={Cheng Li and Jindong Wang and Yixuan Zhang and Kaijie Zhu and Wenxin Hou and Jianxun Lian and Fang Luo and Qiang Yang and Xing Xie},
      year={2023},
      eprint={2307.11760},
      archivePrefix={arXiv},
      primaryClass={cs.CL}
}

@article{khattab2023dspy,
  title={DSPy: Compiling Declarative Language Model Calls into Self-Improving Pipelines},
  author={Khattab, Omar and Singhvi, Arnav and Maheshwari, Paridhi and Zhang, Zhiyuan and Santhanam, Keshav and Vardhamanan, Sri and Haq, Saiful and Sharma, Ashutosh and Joshi, Thomas T. and Moazam, Hanna and Miller, Heather and Zaharia, Matei and Potts, Christopher},
  journal={arXiv preprint arXiv:2310.03714},
  year={2023}
}
@article{khattab2022demonstrate,
  title={Demonstrate-Search-Predict: Composing Retrieval and Language Models for Knowledge-Intensive {NLP}},
  author={Khattab, Omar and Santhanam, Keshav and Li, Xiang Lisa and Hall, David and Liang, Percy and Potts, Christopher and Zaharia, Matei},
  journal={arXiv preprint arXiv:2212.14024},
  year={2022}
}

@article{khattab2022demonstrate,
  title={Demonstrate-Search-Predict: Composing Retrieval and Language Models for Knowledge-Intensive {NLP}},
  author={Khattab, Omar and Santhanam, Keshav and Li, Xiang Lisa and Hall, David and Liang, Percy and Potts, Christopher and Zaharia, Matei},
  journal={arXiv preprint arXiv:2212.14024},
  year={2022}
}

@misc{jiang2023mistral,
      title={Mistral 7B}, 
      author={Albert Q. Jiang and Alexandre Sablayrolles and Arthur Mensch and Chris Bamford and Devendra Singh Chaplot and Diego de las Casas and Florian Bressand and Gianna Lengyel and Guillaume Lample and Lucile Saulnier and Lélio Renard Lavaud and Marie-Anne Lachaux and Pierre Stock and Teven Le Scao and Thibaut Lavril and Thomas Wang and Timothée Lacroix and William El Sayed},
      year={2023},
      eprint={2310.06825},
      archivePrefix={arXiv},
      primaryClass={cs.CL}
}

@inproceedings{lin-2004-rouge,
    title = "{ROUGE}: A Package for Automatic Evaluation of Summaries",
    author = "Lin, Chin-Yew",
    booktitle = "Text Summarization Branches Out",
    month = jul,
    year = "2004",
    address = "Barcelona, Spain",
    publisher = "Association for Computational Linguistics",
    url = "https://aclanthology.org/W04-1013",
    pages = "74--81",
}
